
@ARTICLE {halo2,
	author  = "Damian Isla",
	title   = "GDC 2005 Proceeding: Handling Complexity in the Halo 2 AI",
	journal = "GDC",
	year    = "2005",
	month   = "mar",
	howpublished = {\url{http://www.gamasutra.com/view/feature/130663/gdc_2005_proceeding_handling_.php}}
}

@ARTICLE {halo3,
	author  = "Max Dyckhoff",
	title   = "Decision Making And Knowledge Representation in Halo 3",
	journal = "Bungie Publications",
	year    = "2008",
	month   = "aug"
}

@MISC {betterbattle,
	author  = "Damian Isla",
	title   = "Building a Better Battle: HALO 3 AI Objectives",
	journal = "Bungie Publications",
	year    = "2008",
	month   = "mar",
	howpublished = {\url{http://web.cs.wpi.edu/~rich/courses/imgd4000-d09/lectures/halo3.pdf}}
}

@MISC{gameinformer_skyrimtech,
	author  = "Matt Bertz",
	title   = "The Technology Behind The Elder Scrolls V: Skyrim",
	year    = "2011",
	month   = "jan",
	howpublished = {\url{http://www.gameinformer.com/games/the_elder_scrolls_v_skyrim/b/xbox360/archive/2011/01/17/the-technology-behind-elder-scrolls-v-skyrim.aspx}}
}

@MISC{turnbased,
	author = {Antonio Sánchez-ruiz and Stephen Lee-urban and Héctor Muñoz-avila and Belén Díaz-agudo and Pedro González-calero},
	title = {Game AI for a Turn-based Strategy Game with Plan Adaptation and Ontology-based retrieval ∗},
	year = {2007},
	howpublished = {\url{http://www.cc.gatech.edu/~surban6/publs/ICAPS-PG07.pdf}}
}

@MISC{personality,
	author  = "Richard Evans",
	title   = "Representing Personality Traits as Conditionals",
	howpublished = {\url{http://philpapers.org/archive/EVARPT.1.pdf}}
}

@MISC{skyrim_ign,
	author  = "Charles Onyett",
	title   = "FIVE CHANGES FROM OBLIVION TO SKYRIM",
	year    = "2011",
	howpublished = {\url{http://www.ign.com/articles/2011/04/26/five-changes-from-oblivion-to-skyrim}}
}

@MISC{skyrim_gamespy,
	author  = "Adam Ruch",
	title   = "Is Skyrim's AI Storytelling the Future of Gaming?",
	year    = "2012",
	howpublished = {\url{http://uk.pc.gamespy.com/pc/elder-scrolls-v/1217754p1.html}}
}

@MISC{skyrim_nesmith_radiant,
	title   = "Bethesda’s Nesmith reflects on the difficult birth of Skyrim’s ‘Radiant Story’ system",
	author  = "Heinrich Lenhardt",
	year    = "2012",
	howpublished = {\url{http://venturebeat.com/2012/01/27/bethesdas-nesmith-reflects-on-the-difficult-birth-of-skyrims-radiant-story-system/}}
}

@MISC{skyrim_whatsnew,
	author  = "Robert Mullon",
	title   = "What’s new in Skyrim: New Radiant AI and Radiant Story",
	year    = "2012",
	howpublished = {\url{http://elder-scrolls.alteredgamer.com/tes-5-skyrim/116302-whats-new-in-skyrim-new-radiant-ai-and-radiant-story/#secn_3}}
}

@MISC{dwarffortress_art,
	author  = "Charlie Hall",
	title   = "Dwarf Fortress is changing how the MOMA preserves art",
	year    = "2014",
	howpublished = {\url{http://www.polygon.com/2014/8/6/5973295/dwarf-fortress-is-changing-how-moma-preserves-art}}
}

@MISC{dwarffortress_forever,
	author  = "Craig Ellsworth",
	title   = "Dwarf Fortress: A game that will live forever?",
	year    = "2013",
	howpublished = {\url{http://indiegames.com/2013/03/dwarf_fortress_a_game_that_wil.html}}
}

@MISC{all_worlds_sandbox,
	author  = "Chris Plante",
	title   = "Opinion: 'All The World's A Sandbox'",
	year    = "2008",
	howpublished = {\url{http://www.gamasutra.com/php-bin/news_index.php?story=18545}}
}

@MISC{answer_set,
	title   = "Answer Set Programming for Procedural Content Generation: A Design Space Approach",
	author  = "A.M. Smith",
	year    = "2011",
	journal = "IEEE",
	howpublished = {\url{http://ieeexplore.ieee.org/xpl/login.jsp?tp=&arnumber=5783900&url=http%3A%2F%2Fieeexplore.ieee.org%2Fxpls%2Fabs_all.jsp%3Farnumber%3D5783900}}
}

@inproceedings{Dormans:2011:LDM:2000919.2000921,
	author = {Dormans, Joris},
	title = {Level Design As Model Transformation: A Strategy for Automated Content Generation},
	booktitle = {Proceedings of the 2Nd International Workshop on Procedural Content Generation in Games},
	series = {PCGames '11},
	year = {2011},
	isbn = {978-1-4503-0872-4},
	location = {Bordeaux, France},
	pages = {2:1--2:8},
	articleno = {2},
	numpages = {8},
	url = {http://doi.acm.org/10.1145/2000919.2000921},
	doi = {10.1145/2000919.2000921},
	acmid = {2000921},
	publisher = {ACM},
	address = {New York, NY, USA}
}

@MISC{socially_competent,
	title   = "Steps Towards Creating Socially Competent Game Characters",
	author  = "Jenny Brusk",
	year    = "2014",
	howpublished = {\url{https://gupea.ub.gu.se/handle/2077/34774}}
}

@MISC{large_world_ai,
	title   = "An AI System for Large Open Virtual World",
	author  = "Tomas Plch",
	year    = "2014",
	howpublished = {\url{http://popelka.ms.mff.cuni.cz/~cerny/papers/WarhorseAI_AIIDE_2014.pdf}}
}

@BOOK{handbook_virtuality,
	title   = "The Oxford Handbook of Virtuality",
	author  = "Mark Grimshaw",
	year    = "2014",
	chapter = "13",
	publisher = "Oxford University Press",
	howpublished = {\url{https://books.google.com/books?hl=en&lr=&id=gcc8BAAAQBAJ&oi=fnd&pg=PA222&ots=bcq8PwnSKu&sig=e2wxZwf9rWd2UGZQ6mV8X9UwUzs#v=onepage&q&f=false}}
}

@MISC{camera_comparison,
	title   = "First Person vs. Third Person Perspective in Digital Games: Do Player Preferences Affect Immersion?",
	author  = "Alena Denisova, Paul Cairns",
	year    = "2015",
	howpublished = {\url{http://www-users.cs.york.ac.uk/~pcairns/papers/Denisova_CHI2015.pdf}}
}

@MISC{procedural_guards,
	title   = "Procedural Guard Placement and Behaviour Generation",
	author  = "Qihan Xu",
	year    = "2015",
	howpublished = {\url{http://gram.cs.mcgill.ca/theses/xu-15-procedural.pdf}}
}

@article{Duncan:2011:MBC:2207096.2207097,
	author = {Duncan, Sean C.},
	title = {Minecraft, Beyond Construction and Survival},
	journal = {Well Played},
	issue_date = {January 2011},
	volume = {1},
	number = {1},
	month = jan,
	year = {2011},
	issn = {2164-344X},
	pages = {1--22},
	numpages = {22},
	url = {http://dl.acm.org/citation.cfm?id=2207096.2207097},
	acmid = {2207097},
	publisher = {ETC Press},
	address = {Pittsburgh, PA, USA},
}

@MISC{procedural_uncertainty,
	title   = "CONTROLLING RANDOMNESS: USING PROCEDURAL GENERATION TO INFLUENCE PLAYER UNCERTAINTY IN VIDEO GAMES",
	author  = "Travis L. Fort",
	year    = "2015",
	howpublished = {\url{http://etd.fcla.edu/CF/CFH0004772/Fort_Travis_L_201505_BA.pdf}}
}

@MISC{dwarf_fortress_party,
	title   = "Dwarf Fortress gathers at the statue and attends a party",
	author  = "Joshua Lindsay Diaz",
	year    = "2009",
	howpublished = {\url{http://dspace.mit.edu/handle/1721.1/54502#files-area}}
}

@MISC{terrain_impostors,
	title   = "Terrain Impostors",
	author  = "William Hamilton Hess",
	year    = "2010",
	howpublished = {\url{http://digitalcommons.calpoly.edu/cgi/viewcontent.cgi?article=1476&context=theses}}
}

@MISC{geometry_clipmaps,
	title   = "Geometry Clipmaps: Terrain Rendering Using Nested Regular Grids",
	author  = "Frank Losasso",
	year    = "2004",
	howpublished = {\url{http://research.microsoft.com/en-us/um/people/hoppe/geomclipmap.pdf}}
}

@MISC{inigo_terrain_lighting,
	title   = "outdoors lighting",
	author  = "Inigo Quilez",
	year    = "2013",
	howpublished = {\url{http://www.iquilezles.org/www/articles/outdoorslighting/outdoorslighting.htm}}
}

@MISC{radiance_caching,
	title   = "Radiance Caching with Environment Maps",
	author  = "Michael Buerli",
	year    = "2013",
	howpublished = {\url{http://digitalcommons.calpoly.edu/theses/991/}}
}

@MISC{psychic_guards,
	title   = "NO PSYCHIC GUARDS 12",
	author  = "Mickey 'buddah'",
	year    = "2007",
	howpublished = {\url{http://www.nexusmods.com/oblivion/mods/11911/}}
}


MISC{citation,
	title   = "",
	author  = "",
	year    = "",
	howpublished = {\url{}}
}
